<?xml version="1.0" encoding="UTF-8"?><collection xmlns="http://www.loc.gov/MARC21/slim"><record><leader>00385nam--2200133-i-4500</leader><controlfield tag="001">000018298</controlfield><controlfield tag="002">20161230</controlfield><controlfield tag="005">20161230201032</controlfield><controlfield tag="008">060222s1000------------r-----000-0-eng-d</controlfield><datafield ind1=" " ind2=" " tag="100"><subfield code="a">Ferreti, B</subfield></datafield><datafield ind1=" " ind2=" " tag="245"><subfield code="a">On quantization with an indefinite metric and lee model</subfield></datafield><datafield ind1=" " ind2=" " tag="260"><subfield code="a">Bologna, Instituto Di Fisica Dell Universita, 1959. 38 P</subfield></datafield><datafield ind1=" " ind2=" " tag="490"><subfield code="a">(Ifub-113) (Nuovo Cimento)</subfield></datafield><datafield ind1=" " ind2=" " tag="852"><subfield code="a">5840</subfield></datafield></record></collection>